@book{intro-to-comb-and-graph-theory,
	author = "David Guichard",
	title  = "An Introduction to Combinatorics and Graph Theory"},
	keywords = "learn"

@online{pigeonhole-principle,
	url = "https://en.wikipedia.org/wiki/Pigeonhole_principle",
	title = "Pigeonhole principle",
	urldate = {2021-06-27},
	keywords = "wiki,definition"
}
